@book{aarts2007,
  title = {Syntactic Gradience: {{The}} Nature of Grammatical Indeterminacy},
  author = {Aarts, Bas},
  date = {2007},
  series = {Oxford Linguistics},
  publisher = {{Oxford University Press}},
  location = {{Oxford}},
  doi = {10.1093/oso/9780199219261.001.0001},
  isbn = {978-0-19-152745-6},
  langid = {english},
  pagetotal = {xii+280},
  keywords = {Categorization (Linguistics),Gradation,Grammar Comparative and general,Syntax}
}